% well formated not from google scholar
% Sources:  ACM, ACL BibSonomy
@inproceedings{Stolcke2002,
  author = {Stolcke, Andreas},
  booktitle = {Proceedings International Conference on Spoken Language Processing},
  interhash = {3c28bc012b07b969bbd7df72f7e19762},
  intrahash = {173cfe2d69131dd4cd823e2d87772ca6},
  pages = {257-286},
  title = {SRILM-an extensible language modeling toolkit},
  year = 2002,
  timestamp = {2010-11-08T15:06:07.000+0100},
  keywords = {slm toolkits},
  added-at = {2010-11-08T15:06:07.000+0100},
  file = {:SRILM-an extensible language modeling toolkit.pdf:PDF},
  owner = {Yifan Peng},
  biburl = {http://www.bibsonomy.org/bibtex/2173cfe2d69131dd4cd823e2d87772ca6/yfpeng},
  month = {November}
}

@article{Ganchev:2010:PRS:1859890.1859918,
 author = {Ganchev, Kuzman and Gra\c{c}a, Jo\~{a}o and Gillenwater, Jennifer and Taskar, Ben},
 title = {Posterior Regularization for Structured Latent Variable Models},
 journal = {J. Mach. Learn. Res.},
 volume = {99},
 month = {August},
 year = {2010},
 issn = {1532-4435},
 pages = {2001--2049},
 numpages = {49},
 url = {http://dl.acm.org/citation.cfm?id=1859890.1859918},
 acmid = {1859918},
 publisher = {MIT Press},
 address = {Cambridge, MA, USA},
} 

@inproceedings{Lamar:2010:LCU:1870658.1870736,
 author = {Lamar, Michael and Maron, Yariv and Bienenstock, Elie},
 title = {Latent-descriptor clustering for unsupervised POS induction},
 booktitle = {Proceedings of the 2010 Conference on Empirical Methods in Natural Language Processing},
 series = {EMNLP '10},
 year = {2010},
 location = {Cambridge, Massachusetts},
 pages = {799--809},
 numpages = {11},
 url = {http://dl.acm.org/citation.cfm?id=1870658.1870736},
 acmid = {1870736},
 publisher = {Association for Computational Linguistics},
 address = {Stroudsburg, PA, USA},
} 

@InProceedings{blunsom-cohn:2011:ACL-HLT2011,
  author    = {Blunsom, Phil  and  Cohn, Trevor},
  title     = {A Hierarchical Pitman-Yor Process HMM for Unsupervised Part of Speech Induction},
  booktitle = {Proceedings of the 49th Annual Meeting of the Association for Computational Linguistics: Human Language Technologies},
  month     = {June},
  year      = {2011},
  address   = {Portland, Oregon, USA},
  publisher = {Association for Computational Linguistics},
  pages     = {865--874},
  url       = {http://www.aclweb.org/anthology/P11-1087}
}

@InProceedings{bergkirkpatrick-klein:2010:ACL,
  author    = {Berg-Kirkpatrick, Taylor  and  Klein, Dan},
  title     = {Phylogenetic Grammar Induction},
  booktitle = {Proceedings of the 48th Annual Meeting of the Association for Computational Linguistics},
  month     = {July},
  year      = {2010},
  address   = {Uppsala, Sweden},
  publisher = {Association for Computational Linguistics},
  pages     = {1288--1297},
  url       = {http://www.aclweb.org/anthology/P10-1131}
}

@inproceedings{Haghighi:2006:PLS:1220835.1220876,
 author = {Haghighi, Aria and Klein, Dan},
 title = {Prototype-driven learning for sequence models},
 booktitle = {Proceedings of the main conference on Human Language Technology Conference of the North American Chapter of the Association of Computational Linguistics},
 series = {HLT-NAACL '06},
 year = {2006},
 location = {New York, New York},
 pages = {320--327},
 numpages = {8},
 url = {http://dx.doi.org/10.3115/1220835.1220876},
 doi = {http://dx.doi.org/10.3115/1220835.1220876},
 acmid = {1220876},
 publisher = {Association for Computational Linguistics},
 address = {Stroudsburg, PA, USA},
} 

@inproceedings{Toutanova:2003:FPT:1073445.1073478,
 author = {Toutanova, Kristina and Klein, Dan and Manning, Christopher D. and Singer, Yoram},
 title = {Feature-rich part-of-speech tagging with a cyclic dependency network},
 booktitle = {Proceedings of the 2003 Conference of the North American Chapter of the Association for Computational Linguistics on Human Language Technology - Volume 1},
 series = {NAACL '03},
 year = {2003},
 location = {Edmonton, Canada},
 pages = {173--180},
 numpages = {8},
 url = {http://dx.doi.org/10.3115/1073445.1073478},
 doi = {http://dx.doi.org/10.3115/1073445.1073478},
 acmid = {1073478},
 publisher = {Association for Computational Linguistics},
 address = {Stroudsburg, PA, USA},
} 


@inproceedings{Tsuruoka:2005:BIE:1220575.1220634,
 author = {Tsuruoka, Yoshimasa and Tsujii, Jun'ichi},
 title = {Bidirectional inference with the easiest-first strategy for tagging sequence data},
 booktitle = {Proceedings of the conference on Human Language Technology and Empirical Methods in Natural Language Processing},
 series = {HLT '05},
 year = {2005},
 location = {Vancouver, British Columbia, Canada},
 pages = {467--474},
 numpages = {8},
 url = {http://dx.doi.org/10.3115/1220575.1220634},
 doi = {http://dx.doi.org/10.3115/1220575.1220634},
 acmid = {1220634},
 publisher = {Association for Computational Linguistics},
 address = {Stroudsburg, PA, USA},
} 

@inproceedings{Gao:2008:CBE:1613715.1613761,
 author = {Gao, Jianfeng and Johnson, Mark},
 title = {A comparison of Bayesian estimators for unsupervised Hidden Markov Model POS taggers},
 booktitle = {Proceedings of the Conference on Empirical Methods in Natural Language Processing},
 series = {EMNLP '08},
 year = {2008},
 location = {Honolulu, Hawaii},
 pages = {344--352},
 numpages = {9},
 url = {http://dl.acm.org/citation.cfm?id=1613715.1613761},
 acmid = {1613761},
 publisher = {Association for Computational Linguistics},
 address = {Stroudsburg, PA, USA},
} 

@inproceedings{Christodoulopoulos:2010:TDU:1870658.1870714,
 author = {Christodoulopoulos, Christos and Goldwater, Sharon and Steedman, Mark},
 title = {Two decades of unsupervised POS induction: how far have we come?},
 booktitle = {Proceedings of the 2010 Conference on Empirical Methods in Natural Language Processing},
 series = {EMNLP '10},
 year = {2010},
 location = {Cambridge, Massachusetts},
 pages = {575--584},
 numpages = {10},
 url = {http://dl.acm.org/citation.cfm?id=1870658.1870714},
 acmid = {1870714},
 publisher = {Association for Computational Linguistics},
 address = {Stroudsburg, PA, USA},
} 

@inproceedings{Clark:2003:CDM:1067807.1067817,
 author = {Clark, Alexander},
 title = {Combining distributional and morphological information for part of speech induction},
 booktitle = {Proceedings of the tenth conference on European chapter of the Association for Computational Linguistics - Volume 1},
 series = {EACL '03},
 year = {2003},
 isbn = {1-333-56789-0},
 location = {Budapest, Hungary},
 pages = {59--66},
 numpages = {8},
 url = {http://dx.doi.org/10.3115/1067807.1067817},
 doi = {http://dx.doi.org/10.3115/1067807.1067817},
 acmid = {1067817},
 publisher = {Association for Computational Linguistics},
 address = {Stroudsburg, PA, USA},
} 

@article{Brown:1992:CNG:176313.176316,
 author = {Brown, Peter F. and deSouza, Peter V. and Mercer, Robert L. and Pietra, Vincent J. Della and Lai, Jenifer C.},
 title = {Class-based n-gram models of natural language},
 journal = {Comput. Linguist.},
 issue_date = {December 1992},
 volume = {18},
 issue = {4},
 month = dec,
 year = {1992},
 issn = {0891-2017},
 pages = {467--479},
 numpages = {13},
 url = {http://dl.acm.org/citation.cfm?id=176313.176316},
 acmid = {176316},
 publisher = {MIT Press},
 address = {Cambridge, MA, USA},
} 

@inproceedings{Lee:2010:STU:1870658.1870741,
 author = {Lee, Yoong Keok and Haghighi, Aria and Barzilay, Regina},
 title = {Simple type-level unsupervised POS tagging},
 booktitle = {Proceedings of the 2010 Conference on Empirical Methods in Natural Language Processing},
 series = {EMNLP '10},
 year = {2010},
 location = {Cambridge, Massachusetts},
 pages = {853--861},
 numpages = {9},
 url = {http://dl.acm.org/citation.cfm?id=1870658.1870741},
 acmid = {1870741},
 publisher = {Association for Computational Linguistics},
 address = {Stroudsburg, PA, USA},
} 

@inproceedings{Teh:2006:HBL:1220175.1220299,
 author = {Teh, Yee Whye},
 title = {A hierarchical Bayesian language model based on Pitman-Yor processes},
 booktitle = {Proceedings of the 21st International Conference on Computational Linguistics and the 44th annual meeting of the Association for Computational Linguistics},
 series = {ACL-44},
 year = {2006},
 location = {Sydney, Australia},
 pages = {985--992},
 numpages = {8},
 url = {http://dx.doi.org/10.3115/1220175.1220299},
 doi = {http://dx.doi.org/10.3115/1220175.1220299},
 acmid = {1220299},
 publisher = {Association for Computational Linguistics},
 address = {Stroudsburg, PA, USA},
}

@InProceedings{goldwater-griffiths:2007:ACLMain,
  author    = {Goldwater, Sharon  and  Griffiths, Tom},
  title     = {A fully Bayesian approach to unsupervised part-of-speech tagging},
  booktitle = {Proceedings of the 45th Annual Meeting of the Association of Computational Linguistics},
  month     = {June},
  year      = {2007},
  address   = {Prague, Czech Republic},
  publisher = {Association for Computational Linguistics},
  pages     = {744--751},
  url       = {http://www.aclweb.org/anthology/P07-1094}
}

@InProceedings{smith-eisner:2005:ACL,
  author    = {Smith, Noah A.  and  Eisner, Jason},
  title     = {Contrastive Estimation: Training Log-Linear Models on Unlabeled Data},
  booktitle = {Proceedings of the 43rd Annual Meeting of the Association for Computational Linguistics (ACL'05)},
  month     = {June},
  year      = {2005},
  address   = {Ann Arbor, Michigan},
  publisher = {Association for Computational Linguistics},
  pages     = {354--362},
  url       = {http://www.aclweb.org/anthology/P05-1044},
  doi       = {10.3115/1219840.1219884}
}

@InProceedings{goldberg-adler-elhadad:2008:ACLMain,
  author    = {Goldberg, Yoav  and  Adler, Meni  and  Elhadad, Michael},
  title     = {{EM} Can Find Pretty Good {HMM} {POS}-Taggers (When Given a Good Start)},
  booktitle = {Proceedings of ACL-08: HLT},
  month     = {June},
  year      = {2008},
  address   = {Columbus, Ohio},
  publisher = {Association for Computational Linguistics},
  pages     = {746--754},
  url       = {http://www.aclweb.org/anthology/P/P08/P08-1085}
}

@InProceedings{johnson:2007:EMNLP-CoNLL2007,
  author    = {Johnson, Mark},
  title     = {Why Doesn't {EM} Find Good {HMM} {POS}-Taggers?},
  booktitle = {Proceedings of the 2007 Joint Conference on Empirical Methods in Natural Language Processing and Computational Natural Language Learning (EMNLP-CoNLL)},
  month     = {June},
  year      = {2007},
  address   = {Prague, Czech Republic},
  publisher = {Association for Computational Linguistics},
  pages     = {296--305},
  url       = {http://www.aclweb.org/anthology/D/D07/D07-1031}
}

@article{mitzenmacher03,
  author = {Mitzenmacher, M.},
  interhash = {20762ca7794baa8c8935dfddf4a4de09},
  intrahash = {760f28542e5987f45a324a3f77adaa23},
  journal = {Internet Mathematics},
  number = 2,
  title = {A Brief History of Generative Models for Power Law and Lognormal Distributions},
  volume = 1,
  year = 2003,
  timestamp = {2008-03-20T01:53:29.000+0100},
  keywords = {2003 RMP_CFL generative law lognormal mitzenmacher models power},
  added-at = {2008-03-20T01:53:29.000+0100},
  bibsource = {DBLP, http://dblp.uni-trier.de},
  biburl = {http://www.bibsonomy.org/bibtex/2760f28542e5987f45a324a3f77adaa23/vittorio.loreto}
}

@InProceedings{ravi-knight:2009:ACLIJCNLP,
  author    = {Ravi, Sujith  and  Knight, Kevin},
  title     = {Minimized Models for Unsupervised Part-of-Speech Tagging},
  booktitle = {Proceedings of the Joint Conference of the 47th Annual Meeting of the ACL and the 4th International Joint Conference on Natural Language Processing of the AFNLP},
  month     = {August},
  year      = {2009},
  address   = {Suntec, Singapore},
  publisher = {Association for Computational Linguistics},
  pages     = {504--512},
  url       = {http://www.aclweb.org/anthology/P/P09/P09-1057}
}

@InProceedings{yatbaz-yuret:2010:POSTERS,
  author    = {Yatbaz, Mehmet Ali  and  Yuret, Deniz},
  title     = {Unsupervised Part of Speech Tagging Using Unambiguous Substitutes from a Statistical Language Model},
  booktitle = {Coling 2010: Posters},
  month     = {August},
  year      = {2010},
  address   = {Beijing, China},
  publisher = {Coling 2010 Organizing Committee},
  pages     = {1391--1398},
  url       = {http://www.aclweb.org/anthology/C10-2159}
}

@inproceedings{Schutze:1995:DPT:976973.976994,
 author = {Sch\"{u}tze, Hinrich},
 title = {Distributional part-of-speech tagging},
 booktitle = {Proceedings of the seventh conference on European chapter of the Association for Computational Linguistics},
 series = {EACL '95},
 year = {1995},
 location = {Dublin, Ireland},
 pages = {141--148},
 numpages = {8},
 url = {http://dx.doi.org/10.3115/976973.976994},
 doi = {http://dx.doi.org/10.3115/976973.976994},
 acmid = {976994},
 publisher = {Morgan Kaufmann Publishers Inc.},
 address = {San Francisco, CA, USA},
} 

@InProceedings{lamar-EtAl:2010:Short,
  author    = {Lamar, Michael  and  Maron, Yariv  and  Johnson, Mark  and  Bienenstock, Elie},
  title     = {SVD and Clustering for Unsupervised POS Tagging},
  booktitle = {Proceedings of the ACL 2010 Conference Short Papers},
  month     = {July},
  year      = {2010},
  address   = {Uppsala, Sweden},
  publisher = {Association for Computational Linguistics},
  pages     = {215--219},
  url       = {http://www.aclweb.org/anthology/P10-2040}
}
